@misc{cimg,
title = "The CImg Library",
note = "\url{cimg.sourceforge.net/}"
}

@article{filtreBilateral,
    author  = "Sylvain Paris, Pierre Kornprobst, Jack Tumblin and Fr\'edo Durand",
    title   = "Bilateral Filtering : Therory and Applications",
    year    = "2008",
    journal = "Computer, Graphics and Vision",
    volume  = "4",
    number  = "1",
}

@article{pyramide,
    author  = "Zeev Farbman Raanan Fattal Dani Lischinski Richard Szeliski",
    title  = "Edge-Preserving Decompositions for Multi-Scale Tone and Detail Manipulation",
    year = "2008",
    journal = "ACM Transactions on Graphics",
    volume = "27",
    number = "3",
}

@misc{qt, 
	title = {Qt},
	note = "\url{qt-project.org/}",
}

@article{acceleration, 
	author = "Sylvain Paris and Fr\'edo Durand",
	title = "A Fast Approximation of the Bilateral Filter using a Signal Processing Approach",
	journal = "Computer Vision - ECCV 2006",
	year = "2006",
}

@misc{matlab, 
	title = {Matlab},
	note = "fr.mathworks.com/products/matlab/",
}

@article{AurichWeule,
	author = "V. Aurich and J. Weule",
	title = "Non-linear gaussian filters performing edge preserving diffusion",
	year = "1995",
	journal = "Proceedings of the DAGM Symposium"
}

@article{SmithBrady,
	author = "S. M. Smith and J. M. Brady",
	title = "SUSAN - A new approach to low level image processing",
	year = "1997",
	volume = "23",
	number = "1",
	journal = "International Journal of Computer Vision",
}

@article{TomasiManduchi,
	author = "C. Tomasi and R. Manduchi",
	title ="Bilateral filtering for gray and color images",
	journal = "Proceedings of the IEEE International Conference on Computer Vision",
	year = "1998",
}

@misc{hdr, 
	title = "HDRI-Example",
	note = "Sous licence CC BY-SA 3.0 via Wikimedia Commons - \url{commons.wikimedia.org/wiki/File:HDRI-Example.jpg#/media/File:HDRI-Example.jpg}"
}

@article{EisemannDurand, 
	author = " E. Eisemann and F. Durand",
	title = "Flash photography enhancement via intrinsic
relighting", 
	journal = "ACM Transactions on Graphics",
	volume = "23",
	number = "3",
	year = "2004",
	month = "july",
}

@misc{ParisDurand,
	title = "Fast bilateral filter - Paris and Durand",
	note = "\url{people.csail.mit.edu/sparis/bf/}",
}

@misc{ChenMatlab,
	title = "Implementation MATLAB du filtre bilateral par Jiawen Chen",	
	note="\url{http://people.csail.mit.edu/jiawen/}",
}