@misc{cimg,
title = {CImg},
note = "\url{cimg.sourceforge.net/}"
}

@article{decompo,
    author  = "Zeev Farbman, Raanan Fattal, Dani Lischinski, Richard Szeliski",
    title   = "Edge-Preserving Decompositions for Multi-Scale Tone and Detail Manipulation",
    year    = "2008",
    journal = "ACM Transactions on Graphics",
    volume  = "27",
    number  = "3",
}

