@misc{cimg,
title = {CImg},
note = "\url{cimg.sourceforge.net/}"
}