@misc{cimg,
title = {CImg},
note = "\url{cimg.sourceforge.net/}"
}

@article{filtreBilateral,
    author  = "Sylvain Paris, Pierre Kornprobst, Jack Tumblin and Fr\'edo Durand",
    title   = "Bilateral Filtering : Therory and Applications",
    year    = "2008",
    journal = "Computer, Graphics and Vision",
    volume  = "4",
    number  = "1",
}

